<record><leader>00858cam a2200277W  4500</leader><controlfield tag="001">ocm00000844</controlfield><controlfield tag="005">19850403183533.0</controlfield><controlfield tag="008">690421s1969    nyuec         001 0aeng  </controlfield><datafield ind1=" " ind2=" " tag="010"><subfield code="a">68012564</subfield></datafield><datafield ind1=" " ind2=" " tag="020"><subfield code="a">910384765</subfield></datafield><datafield ind1=" " ind2=" " tag="040"><subfield code="a">DLC</subfield><subfield code="c">DLC</subfield><subfield code="d">OCL</subfield><subfield code="d">IOG</subfield><subfield code="d">WaOLN</subfield><subfield code="d">UtOrBLW</subfield></datafield><datafield ind1="1" ind2=" " tag="041"><subfield code="a">eng</subfield></datafield><datafield ind1=" " ind2=" " tag="049"><subfield code="a">IOGA</subfield></datafield><datafield ind1="0" ind2=" " tag="050"><subfield code="a">PG3476.B425</subfield><subfield code="b">Z513</subfield></datafield><datafield ind1=" " ind2=" " tag="082"><subfield code="a">891.7/3/42</subfield><subfield code="a">B</subfield></datafield><datafield ind1=" " ind2=" " tag="090"><subfield code="a">PG3476.B425</subfield><subfield code="b">Z513</subfield></datafield><datafield ind1=" " ind2=" " tag="090"><subfield code="a">PG3476.B425</subfield><subfield code="b">Z513</subfield><subfield code="m">IOGA</subfield><subfield code="i">35030001395918</subfield></datafield><datafield ind1="1" ind2=" " tag="100"><subfield code="a">Berberova, Nina Nikolaevna.</subfield></datafield><datafield ind1="1" ind2="4" tag="245"><subfield code="a">The italics are mine</subfield><subfield code="c">[by] Nina Berberova. Authorized translation by Philippe Radley.</subfield></datafield><datafield ind1=" " ind2=" " tag="250"><subfield code="a">[1st ed.]</subfield></datafield><datafield ind1=" " ind2=" " tag="260"><subfield code="a">New York :</subfield><subfield code="b">Harcourt, Brace &amp; World,</subfield><subfield code="c">[1969]</subfield></datafield><datafield ind1=" " ind2=" " tag="300"><subfield code="a">606 p.</subfield><subfield code="b">plan, ports.</subfield><subfield code="c">24 cm.</subfield></datafield><datafield ind1=" " ind2=" " tag="500"><subfield code="a">Autobiographical.</subfield></datafield><datafield ind1=" " ind2=" " tag="907"><subfield code="a">.b11395722</subfield><subfield code="b">06-16-09</subfield><subfield code="c">09-06-89</subfield></datafield><datafield ind1=" " ind2=" " tag="998"><subfield code="a">3rd</subfield><subfield code="b">04-03-85</subfield><subfield code="c">m</subfield><subfield code="d">a</subfield><subfield code="e">-</subfield><subfield code="f">eng</subfield><subfield code="g">nyu</subfield><subfield code="h">0</subfield><subfield code="i">0</subfield></datafield><datafield ind1="e" ind2="b" tag="947" /></record>
